% ....názov súboru je: literatura.bib

% zdroj na webe
@misc{a1,
	author = "Tomáš Urbánek",
	title = "ESPORT A JEHO TERMINOLOGIE",
	howpublished = "\url{https://is.muni.cz/th/v9h2l/Tomas_Urbanek_Bakalarska_prace.pdf}",
}

@misc{a2,
	author = "Jakub Stromko",
	title = "Je „esport” sportem",
	howpublished = "\url{https://is.muni.cz/th/eeejx/Bakalarska-prace-Jakub_Stromko.pdf}",
}

@misc{a3,
	author = "Peter Vnuk",
	title = "Čo je to e-šport?",
	howpublished = "\url{https://www.quark.sk/co-je-e-sport/}",
}

@misc{a4,
	author = "Lewis Injai",
	title = "Most popular esports games, players, teams, organisations, tournaments",
	howpublished = "\url{https://sportsbrief.com/facts/top-listicles/22508-most-popular-esports-games-players-teams-organisations-tournaments/}",
}

@misc{a5,
	author = "Brian Bencomo",
	title = "The top 10 esports orgs in the world in 2022, so far",
	howpublished = "\url{https://nerdstreet.com/news/2022/9/top-10-esports-orgs-in-the-world-right-now}",
}

@misc{a6,
	author = "Lukáš Zachar",
	title = "Slovensko a e-šport: Aj u nás máme veľké talenty",
	howpublished = "\url{https://zive.aktuality.sk/clanok/141088/slovensko-a-e-sport-aj-u-nas-mame-velke-talenty/}",
}